@ARTICLE{M.Pedram-02,
author={Pedram, M. and Qing Wu},
journal={IEEE Transactions on Very Large Scale Integration (VLSI) Systems},
title={Battery-powered digital CMOS design}, 
year={2002}, 
month={oct. }, 
volume={10}, 
number={5}, 
pages={601 -607},
doi={10.1109/TVLSI.2002.801566}, 
ISSN={1063-8210},}

@PhdThesis{S.Khursheed-10Thesis,
author = {Khursheed, S.S.},
title = {Test and Diagnosis of Resistive Bridges in Multi-Vdd Designs},
school = {University of Southampton},
year = {2010},
chapter= {1},
}

@INPROCEEDINGS{F.Brglez-85, 
author={Brglez, F. and Fujiwara, H.}, 
booktitle={IEEE International Symposium on Circuits and Systems, 1985}, 
title={A Neutral Netlist of 10 Combinational Benchmark Circuits}, 
year={1985}, 
month={}, 
volume={}, 
number={}, 
pages={695-698}, 
ISSN={},}

@INPROCEEDINGS{F.Brglez-89, 
author={Brglez, F. and Bryan, D. and Kozminski, K.}, 
booktitle={IEEE International Symposium on Circuits and Systems}, 
title={Combinational profiles of sequential benchmark circuits}, 
year={1989}, 
month={may}, 
volume={}, 
number={}, 
pages={1929 -1934 vol.3}, 
doi={10.1109/ISCAS.1989.100747}, 
ISSN={},}

@ARTICLE{F.corno-00, 
author={Corno, F. and Reorda, M.S. and Squillero, G.}, 
journal={IEEE Design Test of Computers}, 
title={RT-level ITC'99 benchmarks and first ATPG results}, 
year={2000}, 
month={jul/sep}, 
volume={17}, 
number={3}, 
pages={44 -53}, 
doi={10.1109/54.867894}, 
ISSN={0740-7475},}